<record><leader>00000cas a2200000 a 4500</leader><controlfield tag="001">11981334</controlfield><controlfield tag="008">850430c18949999inudn ne      0    0eng c</controlfield><datafield ind1=" " ind2=" " tag="010"><subfield code="a">sn 85047786 </subfield></datafield><datafield ind1=" " ind2=" " tag="040"><subfield code="a">NPI</subfield><subfield code="b">eng</subfield><subfield code="c">NPI</subfield><subfield code="d">CUS</subfield><subfield code="d">OCLCQ</subfield><subfield code="d">OCLCF</subfield><subfield code="d">IUL</subfield><subfield code="d">OCL</subfield></datafield><datafield ind1=" " ind2=" " tag="042"><subfield code="a">pcc</subfield></datafield><datafield ind1=" " ind2=" " tag="043"><subfield code="a">n-us-in</subfield></datafield><datafield ind1="1" ind2="4" tag="050"><subfield code="a">Newspaper</subfield></datafield><datafield ind1="0" ind2="0" tag="245"><subfield code="a">Greensburg daily news.</subfield></datafield><datafield ind1="1" ind2=" " tag="246"><subfield code="i">Issues for &lt;January 11, 1918-&gt; have title:</subfield><subfield code="a">Greensburg daily news and Greensburg daily review</subfield></datafield><datafield ind1=" " ind2=" " tag="260"><subfield code="a">Greensburg, Ind. :</subfield><subfield code="b">Worrell Newspapers of Indiana</subfield></datafield><datafield ind1=" " ind2=" " tag="300"><subfield code="a">v. :</subfield><subfield code="b">ill. ;</subfield><subfield code="c">59 cm.</subfield></datafield><datafield ind1=" " ind2=" " tag="310"><subfield code="a">Daily (except Sun.)</subfield></datafield><datafield ind1="1" ind2=" " tag="362"><subfield code="a">Began with Jan. 1, 1894 issue.</subfield></datafield><datafield ind1=" " ind2=" " tag="500"><subfield code="a">"Independent Republican." Cf. Miller, J.W. Indiana newspaper bibliog.</subfield></datafield><datafield ind1=" " ind2=" " tag="500"><subfield code="a">Title from masthead.</subfield></datafield><datafield ind1=" " ind2=" " tag="580"><subfield code="a">Also published in weekly eds. called: Weekly news, 1899-1901; Greenburg news, 1901-1917; and after consolidation: Greensburg Standard (Greensburg, Ind. : 1878), 1918-1925.</subfield></datafield><datafield ind1=" " ind2=" " tag="580"><subfield code="a">Absorbed: The Greensburg daily review, Jan. 1, 1918.</subfield></datafield><datafield ind1=" " ind2=" " tag="588"><subfield code="a">Description based on: Vol. 1, no. 159 (July 4, 1894); title from masthead.</subfield></datafield><datafield ind1=" " ind2="0" tag="651"><subfield code="a">Greensburg (Ind.)</subfield><subfield code="v">Newspapers.</subfield></datafield><datafield ind1=" " ind2="0" tag="651"><subfield code="a">Decatur County (Ind.)</subfield><subfield code="v">Newspapers.</subfield></datafield><datafield ind1=" " ind2="7" tag="651"><subfield code="a">Indiana</subfield><subfield code="z">Decatur County.</subfield><subfield code="2">fast</subfield><subfield code="0">(OCoLC)fst01213384</subfield></datafield><datafield ind1=" " ind2="7" tag="651"><subfield code="a">Indiana</subfield><subfield code="z">Greensburg.</subfield><subfield code="2">fast</subfield><subfield code="0">(OCoLC)fst01227011</subfield></datafield><datafield ind1=" " ind2="7" tag="655"><subfield code="a">Newspapers.</subfield><subfield code="2">fast</subfield><subfield code="0">(OCoLC)fst01423814</subfield></datafield><datafield ind1=" " ind2=" " tag="752"><subfield code="a">United States</subfield><subfield code="b">Indiana</subfield><subfield code="c">Decatur</subfield><subfield code="d">Greensburg.</subfield></datafield><datafield ind1="1" ind2=" " tag="775"><subfield code="t">Weekly news (Greensburg, Ind.)</subfield><subfield code="w">(DLC)sn 85047787</subfield><subfield code="w">(OCoLC)11981484</subfield></datafield><datafield ind1="1" ind2=" " tag="775"><subfield code="t">Greensburg news</subfield><subfield code="w">(DLC)sn 84045416</subfield><subfield code="w">(OCoLC)11314687</subfield></datafield><datafield ind1="1" ind2="4" tag="780"><subfield code="t">Greensburg daily review</subfield><subfield code="g">1918</subfield><subfield code="w">(DLC)sn 85048155</subfield><subfield code="w">(OCoLC)12729358</subfield></datafield><datafield ind1="1" ind2=" " tag="787"><subfield code="t">Greensburg standard (Greensburg, Ind. : 1878)</subfield><subfield code="w">(DLC)sn 84045417</subfield><subfield code="w">(OCoLC)11314772</subfield></datafield><datafield ind1="4" ind2="1" tag="856"><subfield code="u">https://access.newspaperarchive.com/us/indiana/greensburg/greensburg-daily-news-and-greensburg-daily-review/</subfield></datafield><datafield ind1="1" ind2=" " tag="029"><subfield code="a">AU@</subfield><subfield code="b">000025838562</subfield></datafield></record>